% This is the bibliography file
% See	 http://en.wikibooks.org/wiki/LaTeX/Bibliography_Management#BibTeX

% Google Scholar has a very handy 'Import into BibTeX' link.
% Just find the paper you want on Google Scholar, then click 'Cite'

@book{carroll1997mathematical,
  title={Mathematical tools for applied multivariate analysis (rev},
  author={Carroll, J Douglas and Green, Paul E and Chaturvedi, Anil},
  year={1997},
  publisher={Academic Press}
}
,
@article{pisharodi1991interset,
  title={Interset association between measures of customer service and market response},
  author={Pisharodi, R Mohan and Langley, C John},
  journal={International journal of physical distribution \& logistics management},
  volume={21},
  number={2},
  pages={32--44},
  year={1991},
  publisher={MCB UP Ltd}
}
,
@article{fader1990cross,
  title={A cross-category analysis of category structure and promotional activity for grocery products.},
  author={Fader, Peter S and Lodish, Leonard M},
  journal={Journal of Marketing},
  volume={54},
  number={4},
  year={1990}
}
,
@book{cooley1971multivariate,
  title={Multivariate data analysis},
  author={Cooley, William W and Lohnes, Paul R},
  year={1971},
  publisher={J. Wiley}
}
,
@article{hotelling1936relations,
  title={Relations between two sets of variates},
  author={Hotelling, Harold},
  journal={Biometrika},
  volume={28},
  number={3-4},
  pages={321--377},
  year={1936},
  publisher={Oxford University Press}
}
,
@inproceedings{jing2008pagerank,
  title={Pagerank for product image search},
  author={Jing, Yushi and Baluja, Shumeet},
  booktitle={Proceedings of the 17th international conference on World Wide
Web},
  pages={307--316},
  year={2008},
  organization={ACM}
}
,
@inproceedings{kuchaiev2009learning,
  title={Learning the structure of protein-protein interaction networks.},
  author={Kuchaiev, Oleksii and Przulj, Natasa},
  booktitle={Pacific Symposium on Biocomputing},
  volume={14},
  pages={39--50},
  year={2009}
}
,
@book{cohen1988statistical,
  title={Statistical power analysis for the behavioral sciencies},
  author={Cohen, Jack},
  year={1988},
  publisher={Routledge}
}
,
@book{newman2009networks,
  title={Networks: an introduction},
  author={Newman, Mark},
  year={2009},
  publisher={Oxford University Press}
}
,
@book{lehman2005jmp,
  title={JMP for basic univariate and multivariate statistics: a step-by-step
guide},
  author={Lehman, Ann},
  year={2005},
  publisher={SAS Institute}
}
,
@book{myers2010research,
  title={Research design and statistical analysis},
  author={Myers, Jerome L and Well, Arnold D and Lorch, Robert Frederick},
  year={2010},
  publisher={Routledge}
}
,
@book{fulekar2009bioinformatics,
  title={Bioinformatics: Applications in life and environmental sciences},
  author={Fulekar, MH},
  year={2009},
  publisher={Springer}
}
,
@article{stigler1989francis,
  title={Francis Galton's account of the invention of correlation},
  author={Stigler, Stephen M},
  journal={Statistical Science},
  volume={4},
  number={2},
  pages={73--79},
  year={1989},
  publisher={Institute of Mathematical Statistics}
}
,
@article{lee1988thirteen,
  title={Thirteen ways to look at the correlation coefficient},
  author={Lee Rodgers, Joseph and Nicewander, W Alan},
  journal={The American Statistician},
  volume={42},
  number={1},
  pages={59--66},
  year={1988},
  publisher={Taylor \& Francis}
}
,
@misc{spearman2009Wiki,
      author = {Skbkekas},
      title = {Wikipedia Spearmans rank correlation coefficient},
      month = {December},
      year = {2009},
      url = {http://en.wikipedia.org/wiki/File:Spearman_fig1.svg}
}
,
@article{costa2008complex,
  title={Complex networks: the key to systems biology},
  author={Costa, L da F and Rodrigues, Francisco A and Cristino, Alexandre S},
  journal={Genet Mol Biol},
  volume={31},
  pages={591--601},
  year={2008},
  publisher={SciELO Brasil}
}
,
@article{gilbert1959random,
  title={Random graphs},
  author={Gilbert, Edgar N},
  journal={The Annals of Mathematical Statistics},
  volume={30},
  number={4},
  pages={1141--1144},
  year={1959},
  publisher={JSTOR}
}
,
@article{erd6s1960evolution,
  title={On the evolution of random graphs},
  author={Erd6s, Paul and R{\'e}nyi, A},
  journal={Publ. Math. Inst. Hungar. Acad. Sci},
  volume={5},
  pages={17--61},
  year={1960}
}
,
@book{penrose2003random,
  title={Random geometric graphs},
  author={Penrose, Mathew},
  volume={5},
  year={2003},
  publisher={Oxford University Press Oxford}
}
,
@article{world2004annex,
  title={Annex Table 2: Deaths by cause, sex and mortality stratum in WHO
regions, estimates for 2002},
  author={World Health Organization and others},
  journal={The world health report},
  year={2004}
}
,
@article{jemal2008cancer,
  title={Cancer statistics, 2008},
  author={Jemal, Ahmedin and Siegel, Rebecca and Ward, Elizabeth and Hao,
Yongping and Xu, Jiaquan and Murray, Taylor and Thun, Michael J},
  journal={CA: a cancer journal for clinicians},
  volume={58},
  number={2},
  pages={71--96},
  year={2008},
  publisher={Wiley Online Library}
}
,
@article{barabasi1999emergence,
  title={Emergence of scaling in random networks},
  author={Barab{\'a}si, Albert-L{\'a}szl{\'o} and Albert, R{\'e}ka},
  journal={science},
  volume={286},
  number={5439},
  pages={509--512},
  year={1999},
  publisher={American Association for the Advancement of Science}
}
,
@article{erdHos1959random,
  title={On random graphs},
  author={Erd{\H{o}}s, Paul and R{\'e}nyi, Alfr{\'e}d},
  journal={Publicationes Mathematicae Debrecen},
  volume={6},
  pages={290--297},
  year={1959}
}
,
@article{guimera2004modeling,
  title={Modeling the world-wide airport network},
  author={Guimera, Roger and Amaral, Lu{\i}s A Nunes},
  journal={The European Physical Journal B-Condensed Matter and Complex
Systems},
  volume={38},
  number={2},
  pages={381--385},
  year={2004},
  publisher={Springer}
}
,
@article{yildirim2007drug,
  title={Drug—target network},
  author={Y{\i}ld{\i}r{\i}m, Muhammed A and Goh, Kwang-Il and Cusick, Michael E
and Barab{\'a}si, Albert-L{\'a}szl{\'o} and Vidal, Marc},
  journal={Nature biotechnology},
  volume={25},
  number={10},
  pages={1119},
  year={2007},
  publisher={Nature Publishing Group}
}
,
@article{rahman2006observing,
  title={Observing local and global properties of metabolic pathways:‘load
points’ and ‘choke points’ in the metabolic networks},
  author={Rahman, Syed Asad and Schomburg, Dietmar},
  journal={Bioinformatics},
  volume={22},
  number={14},
  pages={1767--1774},
  year={2006},
  publisher={Oxford Univ Press}
}
,
@article{memivsevic2012c,
  title={C-GRAAL: Common-neighbors-based global GRAph ALignment of biological
networks},
  author={Memi{\v{s}}evi{\'c}, Vesna and Pr{\v{z}}ulj, Nata{\v{s}}a},
  journal={Integrative Biology},
  volume={4},
  number={7},
  pages={734--743},
  year={2012},
  publisher={Royal Society of Chemistry}
}
,
@article{watson1990human,
  title={The human genome project: past, present, and future},
  author={Watson, James D},
  journal={Science},
  volume={248},
  number={4951},
  pages={44--49},
  year={1990},
  publisher={American Association for the Advancement of Science}
}
,
@article{smith1981identification,
  title={Identification of common molecular subsequences},
  author={Smith, Temple F and Waterman, Michael S},
  journal={Journal of molecular biology},
  volume={147},
  number={1},
  pages={195--197},
  year={1981},
  publisher={Academic Press}
}
,
@article{altschul1990basic,
  title={Basic local alignment search tool},
  author={Altschul, Stephen F and Gish, Warren and Miller, Webb and Myers,
Eugene W and Lipman, David J},
  journal={Journal of molecular biology},
  volume={215},
  number={3},
  pages={403--410},
  year={1990},
  publisher={Elsevier}
}
,
@article{prvzulj2006modelling,
  title={Modelling protein--protein interaction networks via a stickiness
index},
  author={Pr{\v{z}}ulj, Nata{\v{s}}a and Higham, Desmond J},
  journal={Journal of the Royal Society Interface},
  volume={3},
  number={10},
  pages={711--716},
  year={2006},
  publisher={The Royal Society}
}
,
@article{hormozdiari2007not,
  title={Not all scale-free networks are born equal: the role of the seed graph
in PPI network evolution},
  author={Hormozdiari, Fereydoun and Berenbrink, Petra and Pr{\v{z}}ulj,
Nata{\v{s}}a and Sahinalp, S Cenk},
  journal={PLoS computational biology},
  volume={3},
  number={7},
  pages={e118},
  year={2007},
  publisher={Public Library of Science}
}
,
@article{lappe2003unraveling,
  title={Unraveling protein interaction networks with near-optimal efficiency},
  author={Lappe, Michael and Holm, Liisa},
  journal={Nature biotechnology},
  volume={22},
  number={1},
  pages={98--103},
  year={2003},
  publisher={Nature Publishing Group}
}
,
@article{kuchaiev2009geometric,
  title={Geometric de-noising of protein-protein interaction networks},
  author={Kuchaiev, Oleksii and Ra{\v{s}}ajski, Marija and Higham, Desmond J and
Pr{\v{z}}ulj, Nata{\v{s}}a},
  journal={PLoS computational biology},
  volume={5},
  number={8},
  pages={e1000454},
  year={2009},
  publisher={Public Library of Science}
}
,
@article{milo2002network,
  title={Network motifs: simple building blocks of complex networks},
  author={Milo, Ron and Shen-Orr, Shai and Itzkovitz, Shalev and Kashtan, Nadav
and Chklovskii, Dmitri and Alon, Uri},
  journal={Science},
  volume={298},
  number={5594},
  pages={824--827},
  year={2002},
  publisher={American Association for the Advancement of Science}
}
,
@article{milenkoviae2008uncovering,
  title={Uncovering biological network function via graphlet degree signatures},
  author={Milenkovi{\ae}, Tijana and Pr{\v{z}}ulj, Nata{\v{s}}a},
  journal={Cancer informatics},
  volume={6},
  pages={257},
  year={2008},
  publisher={Libertas Academica}
}
,
@article{prvzulj2004modeling,
  title={Modeling interactome: scale-free or geometric?},
  author={Pr{\v{z}}ulj, N and Corneil, Derek G and Jurisica, Igor},
  journal={Bioinformatics},
  volume={20},
  number={18},
  pages={3508--3515},
  year={2004},
  publisher={Oxford Univ Press}
}
,
@article{kuchaiev2010topological,
  title={Topological network alignment uncovers biological function and
phylogeny},
  author={Kuchaiev, Oleksii and Milenkovi{\'c}, Tijana and Memi{\v{s}}evi{\'c},
Vesna and Hayes, Wayne and Pr{\v{z}}ulj, Nata{\v{s}}a},
  journal={Journal of the Royal Society Interface},
  volume={7},
  number={50},
  pages={1341--1354},
  year={2010},
  publisher={The Royal Society}
}
,
@article{prvzulj2007biological,
  title={Biological network comparison using graphlet degree distribution},
  author={Pr{\v{z}}ulj, Nata{\v{s}}a},
  journal={Bioinformatics},
  volume={23},
  number={2},
  pages={e177--e183},
  year={2007},
  publisher={Oxford Univ Press}
}
