% This is the bibliography file
% See	 http://en.wikibooks.org/wiki/LaTeX/Bibliography_Management#BibTeX

% Google Scholar has a very handy 'Import into BibTeX' link.
% Just find the paper you want on Google Scholar, then click 'Cite'

@article{heston2002penn,
  title={Penn world table},
  author={Heston, Alan and Summers, Robert and Aten, Bettina},
  journal={Center for International Comparisons at the University of Pennsylvania},
  year={2002}
},
@misc{weo2014,
  title = {IMF - World Economic Outlook (WEO) database},
  year = {2006},
  howpublished = "\url{http://www.imf.org/external/pubs/ft/weo/2012/02/weodata/index.aspx}"
},
@article{costanzo2010genetic,
  title={The genetic landscape of a cell},
  author={Costanzo, Michael and Baryshnikova, Anastasia and Bellay, Jeremy and Kim, Yungil and Spear, Eric D and Sevier, Carolyn S and Ding, Huiming and Koh, Judice LY and Toufighi, Kiana and Mostafavi, Sara and others},
  journal={science},
  volume={327},
  number={5964},
  pages={425--431},
  year={2010},
  publisher={American Association for the Advancement of Science}
},
@article{von2002comparative,
  title={Comparative assessment of large-scale data sets of protein--protein interactions},
  author={Von Mering, Christian and Krause, Roland and Snel, Berend and Cornell, Michael and Oliver, Stephen G and Fields, Stanley and Bork, Peer},
  journal={Nature},
  volume={417},
  number={6887},
  pages={399--403},
  year={2002},
  publisher={Nature Publishing Group}
},
@inproceedings{davis2006relationship,
  title={The relationship between Precision-Recall and ROC curves},
  author={Davis, Jesse and Goadrich, Mark},
  booktitle={Proceedings of the 23rd international conference on Machine learning},
  pages={233--240},
  year={2006},
  organization={ACM}
},
@article{thorne2012graph,
  title={Graph spectral analysis of protein interaction network evolution},
  author={Thorne, Thomas and Stumpf, Michael PH},
  journal={Journal of The Royal Society Interface},
  volume={9},
  number={75},
  pages={2653--2666},
  year={2012},
  publisher={The Royal Society}
},
@article{wilson2008study,
  title={A study of graph spectra for comparing graphs and trees},
  author={Wilson, Richard C and Zhu, Ping},
  journal={Pattern Recognition},
  volume={41},
  number={9},
  pages={2833--2841},
  year={2008},
  publisher={Elsevier}
},
@article{yu2008high,
  title={High-quality binary protein interaction map of the yeast interactome network},
  author={Yu, Haiyuan and Braun, Pascal and Y{\i}ld{\i}r{\i}m, Muhammed A and Lemmens, Irma and Venkatesan, Kavitha and Sahalie, Julie and Hirozane-Kishikawa, Tomoko and Gebreab, Fana and Li, Na and Simonis, Nicolas and others},
  journal={Science},
  volume={322},
  number={5898},
  pages={104--110},
  year={2008},
  publisher={American Association for the Advancement of Science}
},
@article{langford2001property,
  title={Is the property of being positively correlated transitive?},
  author={Langford, Eric and Schwertman, Neil and Owens, Margaret},
  journal={The American Statistician},
  volume={55},
  number={4},
  pages={322--325},
  year={2001},
  publisher={Taylor \& Francis}
},
@article{yaverouglu2014revealing,
  title={Revealing the Hidden Language of Complex Networks},
  author={Yavero{\u{g}}lu, {\"O}mer Nebil and Malod-Dognin, No{\"e}l and Davis, Darren and Levnajic, Zoran and Janjic, Vuk and Karapandza, Rasa and Stojmirovic, Aleksandar and Pr{\v{z}}ulj, Nata{\v{s}}a},
  journal={Scientific reports},
  volume={4},
  year={2014},
  publisher={Nature Publishing Group}
},
@book{seber2009multivariate,
  title={Multivariate observations},
  author={Seber, George AF},
  volume={252},
  year={2009},
  publisher={John Wiley \& Sons}
},
@book{krzanowski2000principles,
  title={Principles of multivariate analysis},
  author={Krzanowski, Wojtek J and Krzanowski, WJ},
  year={2000},
  publisher={Clarendon}
},
@article{wegelin2000survey,
  title={A Survey of Partial Least Squares (PLS) Methods, with Emphasis on the Two-Block Case.},
  author={Wegelin, Jacob A},
  year={2000}
},
@article{everitt2001hierarchical,
  title={Hierarchical clustering},
  author={Everitt, Brian S and Landau, Sabine and Leese, Morven and Stahl, Daniel},
  journal={Cluster Analysis, 5th Edition},
  pages={62--64},
  year={2001},
  publisher={Wiley Online Library}
},
@misc{leda2014fileformat,
  title = {Leda graphs - file format description},
  month = {June},
  year = {2014},
  howpublished = "\url{http://www.algorithmic-solutions.info/leda_guide/graphs/leda_native_graph_fileformat.html}"
},
@article{hertz1987using,
  title={Using tabu search techniques for graph coloring},
  author={Hertz, Alain and de Werra, Dominique},
  journal={Computing},
  volume={39},
  number={4},
  pages={345--351},
  year={1987},
  publisher={Springer}
},
@article{henzinger2001hyperlink,
  title={Hyperlink analysis for the web},
  author={Henzinger, Monika R},
  journal={Internet Computing, IEEE},
  volume={5},
  number={1},
  pages={45--50},
  year={2001},
  publisher={IEEE}
}
,
@article{schwikowski2000network,
  title={A network of protein--protein interactions in yeast},
  author={Schwikowski, Benno and Uetz, Peter and Fields, Stanley},
  journal={Nature biotechnology},
  volume={18},
  number={12},
  pages={1257--1261},
  year={2000},
  publisher={Nature Publishing Group}
}
,
@article{mladenovic1997variable,
  title={Variable neighborhood search},
  author={Mladenovi{\'c}, Nenad and Hansen, Pierre},
  journal={Computers \& Operations Research},
  volume={24},
  number={11},
  pages={1097--1100},
  year={1997},
  publisher={Elsevier}
}
,
@inproceedings{sun2005neighborhood,
  title={Neighborhood formation and anomaly detection in bipartite graphs},
  author={Sun, Jimeng and Qu, Huiming and Chakrabarti, Deepayan and Faloutsos, Christos},
  booktitle={Data Mining, Fifth IEEE International Conference on},
  pages={8--pp},
  year={2005},
  organization={IEEE}
}
,
@article{watts1998collective,
  title={Collective dynamics of ‘small-world’networks},
  author={Watts, Duncan J and Strogatz, Steven H},
  journal={nature},
  volume={393},
  number={6684},
  pages={440--442},
  year={1998},
  publisher={Nature Publishing Group}
},
@article{letovsky2003predicting,
  title={Predicting protein function from protein/protein interaction data: a probabilistic approach},
  author={Letovsky, Stanley and Kasif, Simon},
  journal={Bioinformatics},
  volume={19},
  number={suppl 1},
  pages={i197--i204},
  year={2003},
  publisher={Oxford Univ Press}
}
,
@article{ravasz2002hierarchical,
  title={Hierarchical organization of modularity in metabolic networks},
  author={Ravasz, Erzs{\'e}bet and Somera, Anna Lisa and Mongru, Dale A and Oltvai, Zolt{\'a}n N and Barab{\'a}si, A-L},
  journal={science},
  volume={297},
  number={5586},
  pages={1551--1555},
  year={2002},
  publisher={American Association for the Advancement of Science}
}
,
@misc{dist2014proopnarine,
      title = {Degree distributions - image source},
      month = {May},
      year = {2014},
      url = {http://proopnarine.files.wordpress.com/2010/02/fig62.png}
},
@article{adamic2001search,
  title={Search in power-law networks},
  author={Adamic, Lada A and Lukose, Rajan M and Puniyani, Amit R and Huberman, Bernardo A},
  journal={Physical review E},
  volume={64},
  number={4},
  pages={046135},
  year={2001},
  publisher={APS}
}
,
@inproceedings{faloutsos1999power,
  title={On power-law relationships of the internet topology},
  author={Faloutsos, Michalis and Faloutsos, Petros and Faloutsos, Christos},
  booktitle={ACM SIGCOMM Computer Communication Review},
  volume={29},
  number={4},
  pages={251--262},
  year={1999},
  organization={ACM}
},
@article{jeong2000large,
  title={The large-scale organization of metabolic networks},
  author={Jeong, Hawoong and Tombor, B{\'a}lint and Albert, R{\'e}ka and Oltvai, Zoltan N and Barab{\'a}si, A-L},
  journal={Nature},
  volume={407},
  number={6804},
  pages={651--654},
  year={2000},
  publisher={Nature Publishing Group}
}
,
@article{rossier2006t,
  title={T channels and steroid biosynthesis: in search of a link with mitochondria},
  author={Rossier, Michel F},
  journal={Cell calcium},
  volume={40},
  number={2},
  pages={155--164},
  year={2006},
  publisher={Elsevier}
},
@article{oh1997evolutionary,
  title={Evolutionary consideration on 5-aminolevulinate synthase in nature},
  author={Oh-Hama, Tamiko},
  journal={Origins of Life and Evolution of the Biosphere},
  volume={27},
  number={4},
  pages={405--412},
  year={1997},
  publisher={Springer}
},
@article{mcbride2006mitochondria,
  title={Mitochondria: more than just a powerhouse},
  author={McBride, Heidi M and Neuspiel, Margaret and Wasiak, Sylwia},
  journal={Current Biology},
  volume={16},
  number={14},
  pages={R551--R560},
  year={2006},
  publisher={Elsevier}
},
@article{hajnoczky2006mitochondrial,
  title={Mitochondrial calcium signalling and cell death: Approaches for assessing the role of mitochondrial Calcium uptake in apoptosis},
  author={Hajn{\'o}czky, Gy{\"o}rgy and Csord{\'a}s, Gy{\"o}rgy and Das, Sudipto and Garcia-Perez, Cecilia and Saotome, Masao and Sinha Roy, Soumya and Yi, Muqing},
  journal={Cell calcium},
  volume={40},
  number={5},
  pages={553--560},
  year={2006},
  publisher={Elsevier}
},
@article{green1998apoptotic,
  title={Apoptotic pathways: the roads to ruin},
  author={Green, Douglas R},
  journal={Cell},
  volume={94},
  number={6},
  pages={695--698},
  year={1998},
  publisher={Cell Press}
},
@article{li2013targeting,
  title={Targeting mitochondrial reactive oxygen species as novel therapy for inflammatory diseases and cancers},
  author={Li, Xinyuan and Fang, Pu and Mai, Jietang and Choi, Eric T and Wang, Hong and Yang, XF and others},
  journal={J Hematol Oncol},
  volume={6},
  pages={19},
  year={2013}
},
@article{siegel1999basic,
  title={Basic neurochemistry},
  author={Siegel, George J and Agranoff, Bernard W and Albers, R Wayne and Fisher, Stephen K and Uhler, Michael D},
  year={1999},
  publisher={Lippincott-Raven}
},
@article{voet1999fundamentals,
  title={Fundamentals of biochemistry},
  author={Voet, Donald and Voet, Judith G and Pratt, Charlotte W},
  journal={Brisbane: John Willey and Sons},
  year={1999}
},
@book{berg2008bioquimica,
  title={Bioqu{\'\i}mica},
  author={Berg, Jeremy Mark and Stryer, Lubert and Tymoczko, John L},
  year={2008},
  publisher={Revert{\'e}}
},
@misc{rtas2014wto,
  title = {World Trade Organisation - Regional Trade Agreements by country},
  month = {May},
  year = {2014},
  howpublished = "\url{http://rtais.wto.org/UI/publicPreDefRepByCountry.aspx}",
  url = {http://rtais.wto.org/UI/publicPreDefRepByCountry.aspx}
}
,
@article{lescaroux2008influence,
  title={On the influence of oil prices on economic activity and other macroeconomic and financial variables*},
  author={Lescaroux, Fran{\c{c}}ois and Mignon, Val{\'e}rie},
  journal={OPEC Energy Review},
  volume={32},
  number={4},
  pages={343--380},
  year={2008},
  publisher={Wiley Online Library}
},
@article{reguly2006comprehensive,
  title={Comprehensive curation and analysis of global interaction networks in Saccharomyces cerevisiae},
  author={Reguly, Teresa and Breitkreutz, Ashton and Boucher, Lorrie and Breitkreutz, Bobby-Joe and Hon, Gary C and Myers, Chad L and Parsons, Ainslie and Friesen, Helena and Oughtred, Rose and Tong, Amy and others},
  journal={Journal of biology},
  volume={5},
  number={4},
  pages={11},
  year={2006},
  publisher={BioMed Central Ltd}
}
,
@article{collins2007toward,
  title={Toward a comprehensive atlas of the physical interactome of Saccharomyces cerevisiae},
  author={Collins, Sean R and Kemmeren, Patrick and Zhao, Xue-Chu and Greenblatt, Jack F and Spencer, Forrest and Holstege, Frank CP and Weissman, Jonathan S and Krogan, Nevan J},
  journal={Molecular \& Cellular Proteomics},
  volume={6},
  number={3},
  pages={439--450},
  year={2007},
  publisher={ASBMB}
},
@article{yu2011next,
  title={Next-generation sequencing to generate interactome datasets},
  author={Yu, Haiyuan and Tardivo, Leah and Tam, Stanley and Weiner, Evan and Gebreab, Fana and Fan, Changyu and Svrzikapa, Nenad and Hirozane-Kishikawa, Tomoko and Rietman, Edward and Yang, Xinping and others},
  journal={Nature methods},
  volume={8},
  number={6},
  pages={478--480},
  year={2011},
  publisher={Nature Publishing Group}
},
@misc{biogrid,
  title = {{BioGRID - website}},
  howpublished = "\url{http://thebiogrid.org/}",
  year = {2014}
},
@misc{i2d,
  title = {{I2D PPI database - website}},
  howpublished = "\url{http://ophid.utoronto.ca/ophidv2.204/}",
  year = {2014}
},
@article{brown2007unequal,
  title={Unequal evolutionary conservation of human protein interactions in interologous networks},
  author={Brown, Kevin R and Jurisica, Igor},
  journal={Genome biology},
  volume={8},
  number={5},
  pages={R95},
  year={2007},
  publisher={BioMed Central Ltd}
},
@misc{mering,
  title = {{Christian von Mering's lab page}},
  howpublished = "\url{http://www.isb-sib.ch/groups/zurich/bsb-von-mering.html}",
  year = {2014}
},
@misc{comtrade,
  title = {{UN Comtrade}},
  howpublished = "\url{http://comtrade.un.org/}",
  year = {2014}
},
@article{gene2008gene,
  title={The gene ontology project in 2008},
  author={Gene Ontology Consortium and others},
  journal={Nucleic acids research},
  volume={36},
  number={suppl 1},
  pages={D440--D444},
  year={2008},
  publisher={Oxford Univ Press}
},
@book{webb1992enzyme,
  title={Enzyme nomenclature 1992. Recommendations of the Nomenclature Committee of the International Union of Biochemistry and Molecular Biology on the Nomenclature and Classification of Enzymes.},
  author={Webb, Edwin C and others},
  number={Ed. 6},
  year={1992},
  publisher={Academic Press}
},
@misc{biocyc,
  title = {{BioCyc - a collection of 3530 Pathway/Genome Databases (PGDBs)}},
  howpublished = "\url{http://biocyc.org/}",
  year = {2014}
},
@misc{ecocyc,
  title = {{EcoCyc - a scientific database for the bacterium Escherichia coli K-12 MG1655}},
  howpublished = "\url{http://www.ecocyc.org/}",
  year = {2014}
},
@misc{kegg,
  title = {{Kyoto Encyclopedia of Genes and Genomes (KEGG)}},
  howpublished = "\url{http://www.genome.jp/kegg/}",
  year = {2014}
},
@article{wodak2013protein,
  title={Protein--protein interaction networks: the puzzling riches},
  author={Wodak, Shoshana J and Vlasblom, James and Turinsky, Andrei L and Pu, Shuye},
  journal={Current opinion in structural biology},
  volume={23},
  number={6},
  pages={941--953},
  year={2013},
  publisher={Elsevier}
}
,
@article{brettner2012protein,
  title={Protein stickiness, rather than number of functional protein-protein interactions, predicts expression noise and plasticity in yeast},
  author={Brettner, Leandra M and Masel, Joanna},
  journal={BMC systems biology},
  volume={6},
  number={1},
  pages={128},
  year={2012},
  publisher={BioMed Central Ltd}
}
,
@article{young1998yeast,
  title={Yeast two-hybrid: so many interactions,(in) so little time...},
  author={Young, KH},
  journal={Biology of reproduction},
  volume={58},
  number={2},
  pages={302--311},
  year={1998},
  publisher={Soc Study Reprod}
}
,
@article{sokal1958statistical,
  title={A statistical method for evaluating systematic relationships},
  author={Sokal, Robert R},
  journal={Univ Kans Sci Bull},
  volume={38},
  pages={1409--1438},
  year={1958}
},
@article{szekely2005hierarchical,
  title={Hierarchical clustering via joint between-within distances: Extending Ward's minimum variance method},
  author={Szekely, Gabor J and Rizzo, Maria L},
  journal={Journal of classification},
  volume={22},
  number={2},
  pages={151--183},
  year={2005},
  publisher={Springer}
},
@book{carroll1997mathematical,
  title={Mathematical tools for applied multivariate analysis (rev},
  author={Carroll, J Douglas and Green, Paul E and Chaturvedi, Anil},
  year={1997},
  publisher={Academic Press}
}
,
@article{pisharodi1991interset,
  title={Interset association between measures of customer service and market response},
  author={Pisharodi, R Mohan and Langley, C John},
  journal={International journal of physical distribution \& logistics management},
  volume={21},
  number={2},
  pages={32--44},
  year={1991},
  publisher={MCB UP Ltd}
}
,
@article{fader1990cross,
  title={A cross-category analysis of category structure and promotional activity for grocery products.},
  author={Fader, Peter S and Lodish, Leonard M},
  journal={Journal of Marketing},
  volume={54},
  number={4},
  year={1990}
}
,
@book{cooley1971multivariate,
  title={Multivariate data analysis},
  author={Cooley, William W and Lohnes, Paul R},
  year={1971},
  publisher={J. Wiley}
}
,
@article{hotelling1936relations,
  title={Relations between two sets of variates},
  author={Hotelling, Harold},
  journal={Biometrika},
  volume={28},
  number={3-4},
  pages={321--377},
  year={1936},
  publisher={Oxford University Press}
}
,
@inproceedings{jing2008pagerank,
  title={Pagerank for product image search},
  author={Jing, Yushi and Baluja, Shumeet},
  booktitle={Proceedings of the 17th international conference on World Wide
Web},
  pages={307--316},
  year={2008},
  organization={ACM}
}
,
@inproceedings{kuchaiev2009learning,
  title={Learning the structure of protein-protein interaction networks.},
  author={Kuchaiev, Oleksii and Przulj, Natasa},
  booktitle={Pacific Symposium on Biocomputing},
  volume={14},
  pages={39--50},
  year={2009}
}
,
@book{cohen1988statistical,
  title={Statistical power analysis for the behavioral sciencies},
  author={Cohen, Jack},
  year={1988},
  publisher={Routledge}
}
,
@book{newman2009networks,
  title={Networks: an introduction},
  author={Newman, Mark},
  year={2009},
  publisher={Oxford University Press}
}
,
@book{lehman2005jmp,
  title={JMP for basic univariate and multivariate statistics: a step-by-step
guide},
  author={Lehman, Ann},
  year={2005},
  publisher={SAS Institute}
}
,
@book{myers2010research,
  title={Research design and statistical analysis},
  author={Myers, Jerome L and Well, Arnold D and Lorch, Robert Frederick},
  year={2010},
  publisher={Routledge}
}
,
@book{fulekar2009bioinformatics,
  title={Bioinformatics: Applications in life and environmental sciences},
  author={Fulekar, MH},
  year={2009},
  publisher={Springer}
}
,
@article{stigler1989francis,
  title={Francis Galton's account of the invention of correlation},
  author={Stigler, Stephen M},
  journal={Statistical Science},
  volume={4},
  number={2},
  pages={73--79},
  year={1989},
  publisher={Institute of Mathematical Statistics}
}
,
@article{lee1988thirteen,
  title={Thirteen ways to look at the correlation coefficient},
  author={Lee Rodgers, Joseph and Nicewander, W Alan},
  journal={The American Statistician},
  volume={42},
  number={1},
  pages={59--66},
  year={1988},
  publisher={Taylor \& Francis}
}
,
@article{gilbert1959random,
  title={Random graphs},
  author={Gilbert, Edgar N},
  journal={The Annals of Mathematical Statistics},
  volume={30},
  number={4},
  pages={1141--1144},
  year={1959},
  publisher={JSTOR}
}
,
@book{penrose2003random,
  title={Random geometric graphs},
  author={Penrose, Mathew},
  volume={5},
  year={2003},
  publisher={Oxford University Press Oxford}
}
,
@article{world2004annex,
  title={Annex Table 2: Deaths by cause, sex and mortality stratum in WHO
regions, estimates for 2002},
  author={World Health Organization and others},
  journal={The world health report},
  year={2004}
}
,
@article{jemal2008cancer,
  title={Cancer statistics, 2008},
  author={Jemal, Ahmedin and Siegel, Rebecca and Ward, Elizabeth and Hao,
Yongping and Xu, Jiaquan and Murray, Taylor and Thun, Michael J},
  journal={CA: a cancer journal for clinicians},
  volume={58},
  number={2},
  pages={71--96},
  year={2008},
  publisher={Wiley Online Library}
}
,
@article{barabasi1999emergence,
  title={Emergence of scaling in random networks},
  author={Barab{\'a}si, Albert-L{\'a}szl{\'o} and Albert, R{\'e}ka},
  journal={science},
  volume={286},
  number={5439},
  pages={509--512},
  year={1999},
  publisher={American Association for the Advancement of Science}
}
,
@article{erdHos1959random,
  title={On random graphs},
  author={Erd{\H{o}}s, Paul and R{\'e}nyi, Alfr{\'e}d},
  journal={Publicationes Mathematicae Debrecen},
  volume={6},
  pages={290--297},
  year={1959}
}
,
@article{guimera2004modeling,
  title={Modeling the world-wide airport network},
  author={Guimera, Roger and Amaral, Lu{\i}s A Nunes},
  journal={The European Physical Journal B-Condensed Matter and Complex
Systems},
  volume={38},
  number={2},
  pages={381--385},
  year={2004},
  publisher={Springer}
}
,
@article{yildirim2007drug,
  title={Drug—target network},
  author={Y{\i}ld{\i}r{\i}m, Muhammed A and Goh, Kwang-Il and Cusick, Michael E
and Barab{\'a}si, Albert-L{\'a}szl{\'o} and Vidal, Marc},
  journal={Nature biotechnology},
  volume={25},
  number={10},
  pages={1119},
  year={2007},
  publisher={Nature Publishing Group}
}
,
@article{rahman2006observing,
  title={Observing local and global properties of metabolic pathways:‘load
points’ and ‘choke points’ in the metabolic networks},
  author={Rahman, Syed Asad and Schomburg, Dietmar},
  journal={Bioinformatics},
  volume={22},
  number={14},
  pages={1767--1774},
  year={2006},
  publisher={Oxford Univ Press}
}
,
@article{memivsevic2012c,
  title={C-GRAAL: Common-neighbors-based global GRAph ALignment of biological
networks},
  author={Memi{\v{s}}evi{\'c}, Vesna and Pr{\v{z}}ulj, Nata{\v{s}}a},
  journal={Integrative Biology},
  volume={4},
  number={7},
  pages={734--743},
  year={2012},
  publisher={Royal Society of Chemistry}
}
,
@article{watson1990human,
  title={The human genome project: past, present, and future},
  author={Watson, James D},
  journal={Science},
  volume={248},
  number={4951},
  pages={44--49},
  year={1990},
  publisher={American Association for the Advancement of Science}
}
,
@article{smith1981identification,
  title={Identification of common molecular subsequences},
  author={Smith, Temple F and Waterman, Michael S},
  journal={Journal of molecular biology},
  volume={147},
  number={1},
  pages={195--197},
  year={1981},
  publisher={Academic Press}
}
,
@article{altschul1990basic,
  title={Basic local alignment search tool},
  author={Altschul, Stephen F and Gish, Warren and Miller, Webb and Myers,
Eugene W and Lipman, David J},
  journal={Journal of molecular biology},
  volume={215},
  number={3},
  pages={403--410},
  year={1990},
  publisher={Elsevier}
}
,
@article{prvzulj2006modelling,
  title={Modelling protein--protein interaction networks via a stickiness
index},
  author={Pr{\v{z}}ulj, Nata{\v{s}}a and Higham, Desmond J},
  journal={Journal of the Royal Society Interface},
  volume={3},
  number={10},
  pages={711--716},
  year={2006},
  publisher={The Royal Society}
}
,
@article{hormozdiari2007not,
  title={Not all scale-free networks are born equal: the role of the seed graph
in PPI network evolution},
  author={Hormozdiari, Fereydoun and Berenbrink, Petra and Pr{\v{z}}ulj,
Nata{\v{s}}a and Sahinalp, S Cenk},
  journal={PLoS computational biology},
  volume={3},
  number={7},
  pages={e118},
  year={2007},
  publisher={Public Library of Science}
}
,
@article{lappe2003unraveling,
  title={Unraveling protein interaction networks with near-optimal efficiency},
  author={Lappe, Michael and Holm, Liisa},
  journal={Nature biotechnology},
  volume={22},
  number={1},
  pages={98--103},
  year={2003},
  publisher={Nature Publishing Group}
}
,
@article{kuchaiev2009geometric,
  title={Geometric de-noising of protein-protein interaction networks},
  author={Kuchaiev, Oleksii and Ra{\v{s}}ajski, Marija and Higham, Desmond J and
Pr{\v{z}}ulj, Nata{\v{s}}a},
  journal={PLoS computational biology},
  volume={5},
  number={8},
  pages={e1000454},
  year={2009},
  publisher={Public Library of Science}
}
,
@article{milo2002network,
  title={Network motifs: simple building blocks of complex networks},
  author={Milo, Ron and Shen-Orr, Shai and Itzkovitz, Shalev and Kashtan, Nadav
and Chklovskii, Dmitri and Alon, Uri},
  journal={Science},
  volume={298},
  number={5594},
  pages={824--827},
  year={2002},
  publisher={American Association for the Advancement of Science}
}
,
@article{milenkoviae2008uncovering,
  title={Uncovering biological network function via graphlet degree signatures},
  author={Milenkovi{\ae}, Tijana and Pr{\v{z}}ulj, Nata{\v{s}}a},
  journal={Cancer informatics},
  volume={6},
  pages={257},
  year={2008},
  publisher={Libertas Academica}
}
,
@article{prvzulj2004modeling,
  title={Modeling interactome: scale-free or geometric?},
  author={Pr{\v{z}}ulj, N and Corneil, Derek G and Jurisica, Igor},
  journal={Bioinformatics},
  volume={20},
  number={18},
  pages={3508--3515},
  year={2004},
  publisher={Oxford Univ Press}
}
,
@article{kuchaiev2010topological,
  title={Topological network alignment uncovers biological function and
phylogeny},
  author={Kuchaiev, Oleksii and Milenkovi{\'c}, Tijana and Memi{\v{s}}evi{\'c},
Vesna and Hayes, Wayne and Pr{\v{z}}ulj, Nata{\v{s}}a},
  journal={Journal of the Royal Society Interface},
  volume={7},
  number={50},
  pages={1341--1354},
  year={2010},
  publisher={The Royal Society}
}
,
@article{prvzulj2007biological,
  title={Biological network comparison using graphlet degree distribution},
  author={Pr{\v{z}}ulj, Nata{\v{s}}a},
  journal={Bioinformatics},
  volume={23},
  number={2},
  pages={e177--e183},
  year={2007},
  publisher={Oxford Univ Press}
}
